@comment{{This file has been generated by bib2bib 1.99}}

@comment{{Command line: bib2bib biblio-ktm.bib biblio-other.bib}}

@unpublished{Vie2019encode,
  author = {{Vie}, Jill-J{\^e}nn and {Kashima}, Hisashi},
  date-added = {2019-03-08 01:44:09 +0800},
  date-modified = {2019-03-08 01:48:17 +0800},
  note = {under review},
  title = {Encode \& Decode: Generalizing Deep Knowledge Tracing and Multidimensional Item Response Theory},
  url = {http://jiji.cat/bigdata/edm2019_submission.pdf},
  bdsk-url-1 = {http://jiji.cat/bigdata/edm2019_submission.pdf}
}

@inproceedings{blondel2016polynomial,
  author = {Blondel, Mathieu and Ishihata, Masakazu and Fujino, Akinori and Ueda, Naonori},
  booktitle = {Proceedings of the 33rd International Conference on International Conference on Machine Learning-Volume 48},
  date-added = {2019-02-23 08:39:52 +0900},
  date-modified = {2019-02-23 08:39:52 +0900},
  organization = {JMLR. org},
  pages = {850--858},
  title = {Polynomial networks and factorization machines: new insights and efficient training algorithms},
  year = {2016}
}

@book{rasch1960studies,
  author = {Rasch, Georg},
  date-added = {2018-12-21 08:29:08 +0100},
  date-modified = {2019-03-15 23:53:42 +0530},
  publisher = {Nielsen \& Lydiche},
  title = {Studies in mathematical psychology: I. Probabilistic models for some intelligence and attainment tests.},
  year = {1960}
}

@inproceedings{KTM2019,
  author = {{Vie}, Jill-J{\^e}nn and {Kashima}, Hisashi},
  booktitle = {33th AAAI Conference on Artificial Intelligence},
  date-added = {2018-11-09 10:38:55 +0900},
  date-modified = {2019-03-08 02:00:08 +0800},
  hyphenation = {english},
  title = {{Knowledge Tracing Machines: Factorization Machines for Knowledge Tracing}},
  url = {http://arxiv.org/abs/1811.03388},
  year = 2019,
  bdsk-url-1 = {https://github.com/jilljenn/ktm}
}

@inproceedings{cen2006learning,
  author = {Cen, Hao and Koedinger, Kenneth and Junker, Brian},
  booktitle = {International Conference on Intelligent Tutoring Systems},
  date-added = {2018-11-09 10:19:27 +0900},
  date-modified = {2018-11-09 10:19:27 +0900},
  organization = {Springer},
  pages = {164--175},
  title = {Learning factors analysis--a general method for cognitive model evaluation and improvement},
  year = {2006}
}

@comment{{This file has been generated by bib2bib 1.99}}

@article{clement2013multi,
  title={Multi-Armed Bandits for Intelligent Tutoring Systems},
  author={Cl{\'e}ment, Benjamin and Roy, Didier and Oudeyer, Pierre-Yves and Lopes, Manuel},
  journal={Journal of Educational Data Mining},
  volume={7},
  number={2},
  pages={20--48},
  year={2015}
}

@article{clement2015multi,
  title={Multi-Armed Bandits for Intelligent Tutoring Systems},
  author={Cl{\'e}ment, Benjamin and Roy, Didier and Oudeyer, Pierre-Yves and Lopes, Manuel},
  journal={Journal of Educational Data Mining},
  volume={7},
  number={2},
  pages={20--48},
  year={2015}
}

@article{pavlik2009performance,
  author = {Pavlik Jr, Philip I and Cen, Hao and Koedinger, Kenneth R},
  date-added = {2018-04-10 22:25:50 +0000},
  date-modified = {2018-04-10 22:25:50 +0000},
  journal = {Online Submission},
  publisher = {ERIC},
  title = {Performance Factors Analysis--A New Alternative to Knowledge Tracing.},
  year = {2009}
}

@inproceedings{vats2013test,
  author = {Vats, Divyanshu and Studer, Christoph and Lan, Andrew S and Carin, Lawrence and Baraniuk, Richard},
  booktitle = {Educational Data Mining 2013},
  date-added = {2018-04-10 22:24:37 +0000},
  date-modified = {2018-04-10 22:24:37 +0000},
  title = {Test-size reduction for concept estimation},
  year = {2013}
}

@article{hochreiter1997long,
  author = {Hochreiter, Sepp and Schmidhuber, J{\"u}rgen},
  date-added = {2018-03-29 11:08:26 +0000},
  date-modified = {2018-03-29 11:08:26 +0000},
  journal = {Neural computation},
  number = {8},
  pages = {1735--1780},
  publisher = {MIT Press},
  title = {Long short-term memory},
  volume = {9},
  year = {1997}
}

@inproceedings{minaei2003predicting,
  author = {Minaei-Bidgoli, Behrouz and Kashy, Deborah A and Kortemeyer, Gerd and Punch, William F},
  booktitle = {Frontiers in education, 2003. FIE 2003 33rd annual},
  date-added = {2018-03-29 10:40:11 +0000},
  date-modified = {2018-03-29 10:40:11 +0000},
  organization = {IEEE},
  pages = {T2A--13},
  title = {Predicting student performance: an application of data mining methods with an educational web-based system},
  volume = {1},
  year = {2003}
}

@inproceedings{chen2016xgboost,
  author = {Chen, Tianqi and Guestrin, Carlos},
  booktitle = {Proceedings of the 22nd acm sigkdd international conference on knowledge discovery and data mining},
  date-added = {2018-03-29 04:10:37 +0000},
  date-modified = {2018-03-29 04:10:37 +0000},
  organization = {ACM},
  pages = {785--794},
  title = {Xgboost: A scalable tree boosting system},
  year = {2016}
}

@article{Desmarais2012,
  author = {Desmarais, Michel C. and Baker, Ryan S. J. D.},
  date-added = {2018-03-29 02:38:38 +0000},
  date-modified = {2018-03-29 02:38:38 +0000},
  hyphenation = {english},
  journal = {User Modeling and User-Adapted Interaction},
  number = {1-2},
  pages = {9--38},
  publisher = {Springer},
  title = {A review of recent advances in learner and skill modeling in intelligent learning environments},
  volume = {22},
  year = {2012}
}

@inproceedings{cheng2016wide,
  author = {Cheng, Heng-Tze and Koc, Levent and Harmsen, Jeremiah and Shaked, Tal and Chandra, Tushar and Aradhye, Hrishi and Anderson, Glen and Corrado, Greg and Chai, Wei and Ispir, Mustafa and others},
  booktitle = {Proceedings of the 1st Workshop on Deep Learning for Recommender Systems},
  date-added = {2018-03-29 02:26:54 +0000},
  date-modified = {2018-03-29 02:26:54 +0000},
  organization = {ACM},
  pages = {7--10},
  title = {Wide \& deep learning for recommender systems},
  year = {2016}
}

@book{Hambleton1991,
  author = {Hambleton, Ronald K. and Swaminathan, Hariharan and Rogers, H. Jane},
  date-added = {2018-03-29 02:25:46 +0000},
  date-modified = {2018-03-29 02:25:46 +0000},
  hyphenation = {english},
  publisher = {Sage},
  title = {Fundamentals of item response theory},
  year = {1991}
}

@inproceedings{slam18,
  author = {B. Settles and C. Brust and E. Gustafson and M. Hagiwara and N. Madnani},
  booktitle = {Proceedings of the NAACL-HLT Workshop on Innovative Use of NLP for Building Educational Applications (BEA)},
  date-added = {2018-03-29 02:22:20 +0000},
  date-modified = {2018-03-29 02:22:20 +0000},
  publisher = {ACL},
  title = {Second Language Acquisition Modeling},
  year = {2018}
}

@unpublished{Vie2018,
  author = {Vie, Jill-J{\^e}nn and Kashima, Hisashi},
  date-modified = {2018-04-11 00:30:01 +0000},
  howpublished = {Presented at the 1st Transatlantic-Transpacific Workshop on Machine Learning and Discrete Optimization (AIP-IIS-MLGT), Atlanta. Submitted to EDM.},
  title = {Knowledge Tracing Machines},
  url = {https://github.com/jilljenn/ktm/},
  year = {2018},
  bdsk-url-1 = {https://github.com/jilljenn/ktm/blob/master/poster/ktm-poster.pdf}
}

@article{vie2018automated,
  author = {Vie, Jill-J{\^e}nn and Popineau, Fabrice and Bruillard, {\'E}ric and Bourda, Yolaine},
  date-added = {2018-03-26 05:31:28 +0000},
  date-modified = {2018-03-26 05:31:28 +0000},
  journal = {International Journal of Artificial Intelligence in Education},
  pages = {1--16},
  publisher = {Springer New York},
  title = {Automated Test Assembly for Handling Learner Cold-Start in Large-Scale Assessments},
  year = {2018}
}

@inproceedings{xiong2016going,
  author = {Xiaolu Xiong and Siyuan Zhao and Eric Van Inwegen and Joseph Beck},
  bibsource = {dblp computer science bibliography, https://dblp.org},
  biburl = {https://dblp.org/rec/bib/conf/edm/XiongZIB16},
  booktitle = {Proceedings of the 9th International Conference on Educational Data Mining (EDM)},
  crossref = {DBLP:conf/edm/2016},
  date-added = {2018-03-05 02:21:55 +0000},
  date-modified = {2018-03-05 02:25:51 +0000},
  pages = {545--550},
  timestamp = {Tue, 09 Aug 2016 14:14:03 +0200},
  title = {Going Deeper with Deep Knowledge Tracing},
  year = {2016},
  bdsk-url-1 = {http://www.educationaldatamining.org/EDM2016/proceedings/paper_133.pdf}
}

@inproceedings{wilson2016back,
  author = {Kevin H. Wilson and Yan Karklin and Bojian Han and Chaitanya Ekanadham},
  bibsource = {dblp computer science bibliography, https://dblp.org},
  biburl = {https://dblp.org/rec/bib/conf/edm/WilsonKHE16},
  booktitle = {Proceedings of the 9th International Conference on Educational Data Mining (EDM)},
  date-added = {2018-03-05 02:21:04 +0000},
  date-modified = {2018-03-29 03:20:50 +0000},
  pages = {539--544},
  timestamp = {Tue, 09 Aug 2016 14:13:43 +0200},
  title = {Back to the basics: Bayesian extensions of {IRT} outperform neural networks for proficiency estimation},
  year = {2016},
  bdsk-url-1 = {http://www.educationaldatamining.org/EDM2016/proceedings/paper_145.pdf}
}

@unpublished{freudenthaler2011bayesian,
  author = {Freudenthaler, Christoph and Schmidt-Thieme, Lars and Rendle, Steffen},
  date-added = {2018-03-04 06:24:21 +0000},
  date-modified = {2018-03-05 02:38:02 +0000},
  howpublished = {Presented at the Workshop on Sparse Representation and Low-rank Approximation, Neural Information Processing Systems (NIPS-WS)},
  publisher = {Citeseer},
  title = {Bayesian factorization machines},
  year = {2011}
}

@article{bergner2012model,
  author = {Bergner, Yoav and Droschler, Stefan and Kortemeyer, Gerd and Rayyan, Saif and Seaton, Daniel and Pritchard, David E},
  date-added = {2018-02-27 05:28:02 +0000},
  date-modified = {2018-02-27 05:28:02 +0000},
  journal = {International Educational Data Mining Society},
  publisher = {ERIC},
  title = {Model-Based Collaborative Filtering Analysis of Student Response Data: Machine-Learning Item Response Theory.},
  year = {2012}
}

@article{klingler2015performance,
  author = {Klingler, Severin and K{\"a}ser, Tanja and Solenthaler, Barbara and Gross, Markus},
  date-added = {2018-02-27 03:17:51 +0000},
  date-modified = {2018-02-27 03:17:51 +0000},
  journal = {International Educational Data Mining Society},
  publisher = {ERIC},
  title = {On the Performance Characteristics of Latent-Factor and Knowledge Tracing Models.},
  year = {2015}
}

@inproceedings{gonzalez2014general,
  author = {Gonz{\'a}lez-Brenes, Jos{\'e} and Huang, Yun and Brusilovsky, Peter},
  booktitle = {The 7th International Conference on Educational Data Mining},
  date-added = {2018-02-27 03:17:04 +0000},
  date-modified = {2018-02-27 03:17:04 +0000},
  organization = {University of Pittsburgh},
  pages = {84--91},
  title = {General features in knowledge tracing to model multiple subskills, temporal item response theory, and expert knowledge},
  year = {2014}
}

@article{corbett1994knowledge,
  author = {Corbett, Albert T and Anderson, John R},
  date-added = {2018-02-27 02:50:40 +0000},
  date-modified = {2018-02-27 02:50:40 +0000},
  journal = {User modeling and user-adapted interaction},
  number = {4},
  pages = {253--278},
  publisher = {Springer},
  title = {Knowledge tracing: Modeling the acquisition of procedural knowledge},
  volume = {4},
  year = {1994}
}

@article{koedinger2012automated,
  author = {Koedinger, Kenneth R and McLaughlin, Elizabeth A and Stamper, John C},
  date-added = {2018-02-26 03:50:35 +0000},
  date-modified = {2018-02-26 03:50:35 +0000},
  journal = {International Educational Data Mining Society},
  publisher = {ERIC},
  title = {Automated Student Model Improvement.},
  year = {2012}
}

@article{desmarais2012review,
  author = {Desmarais, Michel C and Baker, Ryan S},
  date-added = {2018-02-26 03:39:19 +0000},
  date-modified = {2018-02-26 03:39:19 +0000},
  journal = {User Modeling and User-Adapted Interaction},
  number = {1-2},
  pages = {9--38},
  publisher = {Kluwer Academic Publishers},
  title = {A review of recent advances in learner and skill modeling in intelligent learning environments},
  volume = {22},
  year = {2012}
}

@article{rendle2012factorization2,
  author = {Rendle, Steffen},
  date-added = {2018-02-26 03:08:12 +0000},
  date-modified = {2018-03-05 02:38:41 +0000},
  journal = {ACM Transactions on Intelligent Systems and Technology (TIST)},
  number = {3},
  pages = {57},
  publisher = {ACM},
  title = {Factorization machines with libfm},
  volume = {3},
  year = {2012}
}

@article{thai2011factorization,
  author = {Thai-Nghe, Nguyen and Drumond, Lucas and Horv{\'a}th, Tom{\'a}{\v{s}} and Krohn-Grimberghe, Artus and Nanopoulos, Alexandros and Schmidt-Thieme, Lars},
  date-added = {2018-02-22 02:50:39 +0000},
  date-modified = {2018-02-22 02:50:39 +0000},
  journal = {Educational recommender systems and technologies: Practices and challenges},
  pages = {129--153},
  title = {Factorization techniques for predicting student performance},
  year = {2011}
}

@article{sweeney2016next,
  author = {Sweeney, Mack and Rangwala, Huzefa and Lester, Jaime and Johri, Aditya},
  date-added = {2018-02-22 02:30:09 +0000},
  date-modified = {2018-02-22 02:30:09 +0000},
  journal = {arXiv preprint arXiv:1604.01840},
  title = {Next-term student performance prediction: A recommender systems approach},
  year = {2016}
}

@inproceedings{thai2012using,
  author = {Thai-Nghe, Nguyen and Drumond, Lucas and Horv{\'a}th, Tom{\'a}s and Schmidt-Thieme, Lars},
  date-added = {2018-02-22 02:29:32 +0000},
  date-modified = {2018-02-22 02:29:32 +0000},
  title = {Using factorization machines for student modeling.}
}

@inproceedings{wilson2016estimating,
  author = {Wilson, Kevin H and Xiong, Xiaolu and Khajah, Mohammad and Lindsey, Robert V and Zhao, Siyuan and Karklin, Yan and Van Inwegen, Eric G and Han, Bojian and Ekanadham, Chaitanya and Beck, Joseph E and others},
  booktitle = {In Neural Information Processing Systems, Workshop on Machine Learning for Education},
  date-added = {2018-02-22 01:12:38 +0000},
  date-modified = {2018-02-22 01:12:38 +0000},
  title = {Estimating student proficiency: Deep learning is not the panacea},
  year = {2016}
}

@inproceedings{zhou2008large,
  author = {Zhou, Yunhong and Wilkinson, Dennis and Schreiber, Robert and Pan, Rong},
  booktitle = {International Conference on Algorithmic Applications in Management},
  date-added = {2018-10-02 16:23:32 +0900},
  date-modified = {2018-10-02 16:23:32 +0900},
  organization = {Springer},
  pages = {337--348},
  title = {Large-scale parallel collaborative filtering for the netflix prize},
  year = {2008}
}

@inproceedings{guo2017deepfm,
  author = {Guo, Huifeng and Tang, Ruiming and Ye, Yunming and Li, Zhenguo and He, Xiuqiang},
  booktitle = {Proceedings of the 26th International Joint Conference on Artificial Intelligence},
  date-added = {2018-10-01 16:07:16 +0900},
  date-modified = {2018-10-01 16:07:16 +0900},
  organization = {AAAI Press},
  pages = {1725--1731},
  title = {DeepFM: a factorization-machine based neural network for CTR prediction},
  year = {2017}
}

@inproceedings{Settles2018,
  author = {Settles, Burr and Brust, Chris and Gustafson, Erin and Hagiwara, Masato and Madnani, Nitin},
  booktitle = {Proceedings of the Thirteenth Workshop on Innovative Use of NLP for Building Educational Applications},
  date-added = {2018-06-18 14:01:10 +0000},
  date-modified = {2018-06-18 14:01:10 +0000},
  pages = {56--65},
  title = {Second language acquisition modeling},
  url = {http://sharedtask.duolingo.com},
  year = {2018},
  bdsk-url-1 = {http://sharedtask.duolingo.com}
}

@article{Vie2018DPP,
  author = {Vie, Jill-J{\^e}nn and Popineau, Fabrice and Bruillard, {\'E}ric and Bourda, Yolaine},
  date-added = {2017-11-21 06:45:25 +0000},
  date-modified = {2017-12-17 07:50:03 +0000},
  hyphenation = {english},
  journal = {International Journal of Artificial Intelligence in Education},
  pages = {1--16},
  publisher = {Springer},
  title = {Automated Test Assembly for Handling Learner Cold-Start in Large-Scale Assessments},
  url = {https://rdcu.be/G30H},
  year = {2018},
  bdsk-url-1 = {https://rdcu.be/G30H}
}

@book{Belghiti2016,
  author = {Belghiti, Ismael and Mansuy, Roger and Vie, Jill-J{\^e}nn},
  publisher = {Calvage et Mounet},
  title = {Les {c}l{\'e}s {p}our {l}'info : ENS et Agr{\'e}gation ({o}ption {D})},
  year = {2016}
}

@inproceedings{Vie2016ECTEL,
  author = {Vie, Jill-J{\^e}nn and Popineau, Fabrice and Bourda, Yolaine and Bruillard, {\'E}ric},
  booktitle = {European Conference on Technology Enhanced Learning},
  hyphenation = {english},
  organization = {Springer},
  pages = {331--339},
  title = {Adaptive Testing Using a General Diagnostic Model},
  year = {2016}
}

@inproceedings{Abdalla2012,
  author = {Abdalla, Michel and Vie, Jill-J{\^e}nn},
  booktitle = {International Conference on Cryptology and Information Security in Latin America},
  hyphenation = {english},
  organization = {Springer},
  pages = {78--99},
  title = {Leakage-Resilient spatial encryption},
  year = {2012}
}

@inproceedings{Vie2015EIAH,
  author = {Vie, Jill-J{\^e}nn and Popineau, Fabrice and Grill, Jean-Bastien and Bruillard, {\'E}ric and Bourda, Yolaine},
  booktitle = {Atelier {\'E}valuation des Apprentissages et Environnements Informatiques},
  hyphenation = {french},
  title = {Pr{\'e}diction de performance sur des questions dichotomiques : comparaison de mod{\`e}les pour des tests adaptatifs {\`a} grande {\'e}chelle},
  year = {2015}
}

@inproceedings{Vie2015EDM,
  author = {Vie, Jill-J{\^e}nn and Popineau, Fabrice and Grill, Jean-Bastien and Bruillard, {\'E}ric and Bourda, Yolaine},
  booktitle = {8th International Conference on Educational Data Mining},
  hyphenation = {english},
  title = {Predicting Performance over Dichotomous Questions: Comparing Models for Large-Scale Adaptive Testing},
  year = {2015}
}

@incollection{Vie2017adaptive,
  author = {Vie, Jill-J{\^e}nn and Popineau, Fabrice and Bourda, Yolaine and Bruillard, {\'E}ric},
  booktitle = {Learning analytics: Fundaments, Applications, and Trends},
  hyphenation = {english},
  pages = {113--142},
  publisher = {Springer},
  title = {A Review of Recent Advances in Adaptive Assessment},
  year = {2017}
}

@article{Vie2018MOOC,
  author = {Vie, Jill-J{\^e}nn and Popineau, Fabrice and Bruillard, {\'E}ric and Bourda, Yolaine},
  date-modified = {2018-05-02 11:23:42 +0900},
  doi = {10.23709/sticef.24.2.6},
  hyphenation = {french},
  issn = {1764-7223},
  journal = {Revue STICEF, Volume 24, num{\'e}ro 2, 2017},
  title = {Utilisation de tests adaptatifs dans les MOOC dans un cadre de crowdsourcing},
  year = {2018},
  bdsk-url-1 = {https://doi.org/10.23709/sticef.24.2.6}
}

@book{Durr2016,
  author = {D{\"u}rr, Christoph and Vie, Jill-J{\^e}nn},
  hyphenation = {french},
  publisher = {Ellipses},
  title = {Programmation efficace},
  year = {2016}
}

@inproceedings{Vie2017PIX,
  author = {Vie, Jill-J{\^e}nn and Popineau, Fabrice and Tort, Fran{\c{c}}oise and Marteau, Benjamin and Denos, Nathalie},
  booktitle = {Proceedings of the Fourth (2017) ACM Conference on Learning @ Scale},
  hyphenation = {english},
  organization = {ACM},
  pages = {323--326},
  title = {A Heuristic Method for Large-Scale Cognitive-Diagnostic Computerized Adaptive Testing},
  url = {https://github.com/jilljenn/las2017-wip/blob/master/poster-las2017.pdf},
  year = {2017},
  bdsk-url-1 = {https://github.com/jilljenn/las2017-wip/blob/master/poster-las2017.pdf}
}

@inproceedings{BALSE2017,
  _doi = {10.1109/ICDAR.2017.287},
  author = {{Vie}, Jill-J{\^e}nn and {Yger}, Florian and {Lahfa}, Ryan and {Clement}, Basile and {Cocchi}, K{\'e}vin and {Chalumeau}, Thomas and {Kashima}, Hisashi},
  booktitle = {{2017 14th IAPR International Conference on Document Analysis and Recognition (ICDAR)}},
  hyphenation = {english},
  keywords = {Computer Science - Information Retrieval, Computer Science - Learning, Statistics - Machine Learning, collaborative filtering, humanities, learning (artificial intelligence), least squares approximations, recommender systems, Blended Alternate Least Squares with Explanation, Illustration2Vec, Mangaki, anime posters, cold-start scenario, collaborative filtering, content-based techniques, deep learning technique, manga posters, manga recommendations, online manga recommender system, tag information, Collaboration, Data mining, Feature extraction, Matrix decomposition, Predictive models, Recommender systems, Sparse matrices, LASSO, cold-start, collaborative filtering, recommender system, tag prediction},
  month = {Nov},
  pages = {21-26},
  title = {{Using Posters to Recommend Anime and Mangas in a Cold-Start Scenario}},
  url = {https://arxiv.org/abs/1709.01584},
  volume = {03},
  year = 2017,
  bdsk-url-1 = {https://arxiv.org/abs/1709.01584}
}

@unpublished{KTM2018,
  author = {{Vie}, Jill-J{\^e}nn and {Kashima}, Hisashi},
  howpublished = {Presented at the AIP-IIS-MLGT workshop at Georgia Tech, Atlanta, GA on March 8, 2018},
  hyphenation = {english},
  title = {{Knowledge Tracing Machines}},
  url = {https://github.com/jilljenn/ktm},
  year = 2018,
  bdsk-url-1 = {https://github.com/jilljenn/ktm}
}

@inproceedings{Duolingo2018,
  author = {{Vie}, Jill-J{\^e}nn},
  booktitle = {{The 13th Workshop on Innovative Use of NLP for Building Educational Applications}},
  hyphenation = {english},
  keywords = {Computer Science - Information Retrieval, Computer Science - Learning, Statistics - Machine Learning, knowledge tracing, factorization machines, second language acquisition modeling},
  title = {{Deep Factorization Machines for Knowledge Tracing}},
  url = {https://arxiv.org/abs/1805.00356},
  year = 2018,
  bdsk-url-1 = {https://arxiv.org/abs/1805.00356}
}

@inproceedings{piech2015deep,
  author = {Piech, Chris and Bassen, Jonathan and Huang, Jonathan and Ganguli, Surya and Sahami, Mehran and Guibas, Leonidas J and Sohl-Dickstein, Jascha},
  booktitle = {Advances in Neural Information Processing Systems (NIPS)},
  date-added = {2018-02-22 01:43:35 +0000},
  date-modified = {2018-03-05 02:25:23 +0000},
  pages = {505--513},
  title = {Deep knowledge tracing},
  year = {2015}
}

@article{rendle2012factorization,
  author = {Steffen Rendle},
  bibsource = {dblp computer science bibliography, https://dblp.org},
  biburl = {https://dblp.org/rec/bib/journals/tist/Rendle12},
  date-added = {2018-03-05 02:38:37 +0000},
  date-modified = {2018-03-05 02:40:50 +0000},
  doi = {10.1145/2168752.2168771},
  journal = {ACM Transactions on Intelligent Systems and Technology (TIST)},
  number = {3},
  pages = {57:1--57:22},
  timestamp = {Thu, 12 Jan 2017 13:50:02 +0100},
  title = {Factorization Machines with libFM},
  volume = {3},
  year = {2012},
  bdsk-url-1 = {http://doi.acm.org/10.1145/2168752.2168771},
  bdsk-url-2 = {https://dx.doi.org/10.1145/2168752.2168771}
}

@article{lan2014sparse,
  author = {Lan, Andrew S and Waters, Andrew E and Studer, Christoph and Baraniuk, Richard G},
  journal = {The Journal of Machine Learning Research},
  number = {1},
  pages = {1959--2008},
  publisher = {JMLR. org},
  title = {Sparse factor analysis for learning and content analytics},
  volume = {15},
  year = {2014}
}

@inproceedings{Minn2018,
  Author = {Minn, Sein and Yu, Yi and Desmarais, Michel and Zhu, Feida and Vie, Jill-J{\^e}nn},
  Booktitle = {Proceedings of the 18th {IEEE} International Conference on Data Mining},
  Date-Added = {2018-08-27 21:24:57 +0900},
  Date-Modified = {2018-11-22 16:37:08 +0900},
  Pages = {1182--1187},
  Title = {Deep Knowledge Tracing and Dynamic Student Classification for Knowledge Tracing},
  Url = {https://arxiv.org/abs/1809.08713},
  Year = {2018},
  Bdsk-Url-1 = {https://arxiv.org/abs/1809.08713}}

@inproceedings{Minn2022,
  title={Interpretable Knowledge Tracing: Simple and Efficient Student Modeling with Causal Relations},
  author={Minn, Sein and Vie, Jill-Jênn and Takeuchi, Koh and Kashima, Hisashi and Zhu, Feida},
  booktitle={Proceedings of the AAAI Conference on Artificial Intelligence},
  volume={36},
  number={11},
  pages={12810--12818},
  year={2022},
  url={https://arxiv.org/abs/2112.11209},
  _doi={10.1609/aaai.v36i11.21560}
}

@inproceedings{Dacrema2019,
  title={Are we really making much progress? A worrying analysis of recent neural recommendation approaches},
  author={Dacrema, Maurizio Ferrari and Cremonesi, Paolo and Jannach, Dietmar},
  booktitle={Proceedings of the 13th ACM conference on recommender systems},
  pages={101--109},
  year={2019}
}

@article{Peyre2019,
  title={Computational optimal transport: With applications to data science},
  author={Peyr{\'e}, Gabriel and Cuturi, Marco and others},
  journal={Foundations and Trends{\textregistered} in Machine Learning},
  volume={11},
  number={5-6},
  pages={355--607},
  year={2019},
  publisher={Now Publishers, Inc.},
  url={http://crest.science/RePEc/wpstorage/2017-86.pdf}
}

@article{Flamary2021,
  title={Pot: Python optimal transport},
  author={Flamary, R{\'e}mi and Courty, Nicolas and Gramfort, Alexandre and Alaya, Mokhtar Z and Boisbunon, Aur{\'e}lie and Chambon, Stanislas and Chapel, Laetitia and Corenflos, Adrien and Fatras, Kilian and Fournier, Nemo and others},
  journal={Journal of Machine Learning Research},
  volume={22},
  number={78},
  pages={1--8},
  year={2021}
}

@article{du2014analysis,
  title={Analysis of learning from positive and unlabeled data},
  author={Du Plessis, Marthinus C and Niu, Gang and Sugiyama, Masashi},
  journal={Advances in neural information processing systems},
  volume={27},
  year={2014}
}

@article{rocher2019estimating,
  title={Estimating the success of re-identifications in incomplete datasets using generative models},
  author={Rocher, Luc and Hendrickx, Julien M and De Montjoye, Yves-Alexandre},
  journal={Nature communications},
  volume={10},
  number={1},
  pages={1--9},
  year={2019},
  publisher={Nature Publishing Group}
}

@inproceedings{narayanan2008robust,
  title={Robust de-anonymization of large sparse datasets},
  author={Narayanan, Arvind and Shmatikov, Vitaly},
  booktitle={2008 IEEE Symposium on Security and Privacy (sp 2008)},
  pages={111--125},
  year={2008},
  organization={IEEE}
}

@article{jordon2020hide,
  title={Hide-and-seek privacy challenge},
  author={Jordon, James and Jarrett, Daniel and Yoon, Jinsung and Barnes, Tavian and Elbers, Paul and Thoral, Patrick and Ercole, Ari and Zhang, Cheng and Belgrave, Danielle and van der Schaar, Mihaela},
  journal={arXiv preprint arXiv:2007.12087},
  year={2020}
}

@article{de2013unique,
  title={Unique in the crowd: The privacy bounds of human mobility},
  author={De Montjoye, Yves-Alexandre and Hidalgo, C{\'e}sar A and Verleysen, Michel and Blondel, Vincent D},
  journal={Scientific reports},
  volume={3},
  number={1},
  pages={1--5},
  year={2013},
  publisher={Nature Publishing Group}
}

@article{zhang2017privbayes,
  title={{PrivBayes}: Private data release via {Bayesian} networks},
  author={Zhang, Jun and Cormode, Graham and Procopiuc, Cecilia M and Srivastava, Divesh and Xiao, Xiaokui},
  journal={ACM Transactions on Database Systems (TODS)},
  volume={42},
  number={4},
  pages={1--41},
  year={2017},
  publisher={ACM New York, NY, USA}
}

@inproceedings{dwork2008differential,
  title={Differential privacy: A survey of results},
  author={Dwork, Cynthia},
  booktitle={International conference on theory and applications of models of computation},
  pages={1--19},
  year={2008},
  organization={Springer}
}

@article{Bergner2022,
  author = {Bergner, Yoav and Halpin, Peter and Vie, Jill-Jênn},
  title = {Multidimensional Item Response Theory in the Style of Collaborative Filtering},
  journal = {Psychometrika},
  year = {2022},
  volume = {87},
  number = {1},
  pages = {266--288},
  url = {https://rdcu.be/cAcgu},
  _doi = {10.1007/s11336-021-09788-9}
}

@article{gervet2020deep,
  title={When is deep learning the best approach to knowledge tracing?},
  author={Gervet, Theophile and Koedinger, Ken and Schneider, Jeff and Mitchell, Tom and others},
  journal={Journal of Educational Data Mining},
  volume={12},
  number={3},
  pages={31--54},
  year={2020}
}

@article{desmarais2012review,
  title={A review of recent advances in learner and skill modeling in intelligent learning environments},
  author={Desmarais, Michel C and d Baker, Ryan SJ},
  journal={User Modeling and User-Adapted Interaction},
  volume={22},
  number={1},
  pages={9--38},
  year={2012},
  publisher={Springer}
}

@inproceedings{hutchinson201950,
  title={50 years of test (un) fairness: Lessons for machine learning},
  author={Hutchinson, Ben and Mitchell, Margaret},
  booktitle={Proceedings of the conference on fairness, accountability, and transparency},
  pages={49--58},
  year={2019}
}

@inproceedings{zemel2013learning,
  title={Learning fair representations},
  author={Zemel, Rich and Wu, Yu and Swersky, Kevin and Pitassi, Toni and Dwork, Cynthia},
  booktitle={International conference on machine learning},
  pages={325--333},
  year={2013},
  organization={PMLR}
}

@article{pedregosa2011scikit,
  title={Scikit-learn: Machine learning in Python},
  author={Pedregosa, Fabian and Varoquaux, Ga{\"e}l and Gramfort, Alexandre and Michel, Vincent and Thirion, Bertrand and Grisel, Olivier and Blondel, Mathieu and Prettenhofer, Peter and Weiss, Ron and Dubourg, Vincent and others},
  journal={Journal of Machine Learning Research},
  volume={12},
  pages={2825--2830},
  year={2011},
  publisher={JMLR. org}
}

@software{pandoc2.17,
  title = {pandoc},
  author = {John MacFarlane},
  version = {2.17},
  url = {https://pandoc.org/},
  date = {2022-01},
  institution = {University of Berkeley},
  license = {GPLv2},
  swhid = {swh:1:dir:6f85eb8385c95211062295f9e5b0560799f6a944;origin=https://github.com/jgm/pandoc;visit=swh:1:snp:836c9d09714e8d0c7a5c601472ca26821232170c;anchor=swh:1:rev:1a6fad9fbddd4cd7ebae236d6b4c11c0423bb0fd},
  repository= {https://github.com/jgm/pandoc},
  abstract = {Universal markup converter}
}

@article{gan2022knowledge,
  title={Knowledge structure enhanced graph representation learning model for attentive knowledge tracing},
  author={Gan, Wenbin and Sun, Yuan and Sun, Yi},
  journal={International Journal of Intelligent Systems},
  volume={37},
  number={3},
  pages={2012--2045},
  year={2022},
  publisher={Wiley Online Library}
}

@inproceedings{Choffin2019,
  Author = {{Choffin}, Beno{\^\i}t and Popineau, Fabrice and Bourda, Yolaine and Vie, Jill-J{\^e}nn},
  Booktitle = {{Proceedings of the Twelfth International Conference on Educational Data Mining (EDM 2019)}},
  Date-Modified = {2019-08-19 17:26:16 +0900},
  Langid = {english},
  Note = {Best Full Paper Award},
  Pages = {29--38},
  Title = {{DAS3H: Modeling Student Learning and Forgetting for Optimally Scheduling Distributed Practice of Skills}},
  Url = {https://arxiv.org/abs/1905.06873},
  Year = 2019,
  Bdsk-Url-1 = {https://arxiv.org/abs/1905.06873}}

@inproceedings{levy2014neural,
 author = {Levy, Omer and Goldberg, Yoav},
 booktitle = {Advances in Neural Information Processing Systems},
 editor = {Z. Ghahramani and M. Welling and C. Cortes and N. Lawrence and K.Q. Weinberger},
 pages = {},
 publisher = {Curran Associates, Inc.},
 title = {Neural Word Embedding as Implicit Matrix Factorization},
 url = {https://proceedings.neurips.cc/paper/2014/file/feab05aa91085b7a8012516bc3533958-Paper.pdf},
 volume = {27},
 year = {2014}
}

@inproceedings{mikolov2013,
 author = {Mikolov, Tomas and Sutskever, Ilya and Chen, Kai and Corrado, Greg S and Dean, Jeff},
 booktitle = {Advances in Neural Information Processing Systems},
 editor = {C.J. Burges and L. Bottou and M. Welling and Z. Ghahramani and K.Q. Weinberger},
 pages = {},
 publisher = {Curran Associates, Inc.},
 title = {Distributed Representations of Words and Phrases and their Compositionality},
 url = {https://proceedings.neurips.cc/paper/2013/file/9aa42b31882ec039965f3c4923ce901b-Paper.pdf},
 volume = {26},
 year = {2013}
}

@inproceedings{lample2018word,
title={Word translation without parallel data},
author={Guillaume Lample and Alexis Conneau and Marc'Aurelio Ranzato and Ludovic Denoyer and Hervé Jégou},
booktitle={International Conference on Learning Representations},
year={2018},
url={https://openreview.net/forum?id=H196sainb},
}

@inproceedings{raghu2017expressive,
  title={On the expressive power of deep neural networks},
  author={Raghu, Maithra and Poole, Ben and Kleinberg, Jon and Ganguli, Surya and Sohl-Dickstein, Jascha},
  booktitle={International Conference on Machine Learning},
  pages={2847--2854},
  year={2017},
  organization={PMLR}
}

@inproceedings{montufar2014number,
  title={On the number of linear regions of deep neural networks},
  author={Montufar, Guido F and Pascanu, Razvan and Cho, Kyunghyun and Bengio, Yoshua},
  booktitle={Advances in Neural Information Processing Systems},
  volume={27},
  pages={2924--2932},
  year={2014}
}

@unpublished{Saha2018,
  Author = {Saha, Avijit and Misra, Rishabh and Acharya, Ayan and Ravindran, Balaraman},
  Date-Added = {2018-08-22 03:58:53 +0000},
  Date-Modified = {2018-09-05 23:13:41 +0900},
  Title = {Scalable Variational Bayesian Factorization Machine},
  Year = {2017}
}

@article{hinton2006fast,
  title={A fast learning algorithm for deep belief nets},
  author={Hinton, Geoffrey E and Osindero, Simon and Teh, Yee-Whye},
  journal={Neural computation},
  volume={18},
  number={7},
  pages={1527--1554},
  year={2006},
  publisher={MIT Press One Rogers Street, Cambridge, MA 02142-1209, USA journals-info~…}
}

@inproceedings{carlini2021extracting,
  title={Extracting training data from large language models},
  author={Carlini, Nicholas and Tramer, Florian and Wallace, Eric and Jagielski, Matthew and Herbert-Voss, Ariel and Lee, Katherine and Roberts, Adam and Brown, Tom and Song, Dawn and Erlingsson, Ulfar and others},
  booktitle={30th USENIX Security Symposium (USENIX Security 21)},
  pages={2633--2650},
  year={2021}
}

@inproceedings{Vie2022,
  title={Privacy-Preserving Synthetic Educational Data Generation},
  author={Vie*, Jill-Jênn and Rigaux*, Tomas and Minn, Sein},
  booktitle={Proceedings of EC-TEL 2022. Educating for a New Future: Making Sense of Technology-Enhanced Learning Adoption},
  pages={393--406},
  year={2022},
  url={https://hal.archives-ouvertes.fr/hal-03715416},
  isbn={978-3-031-16290-9},
  doi={10.1007/978-3-031-16290-9_29}
}

@inproceedings{hardt2016equality,
  title={Equality of opportunity in supervised learning},
  author={Hardt, Moritz and Price, Eric and Srebro, Nati},
  booktitle={Advances in neural information processing systems},
  volume={29},
  year={2016}
}

@inproceedings{acharya2022gensyn,
  title={GenSyn: A Multi-stage Framework for Generating Synthetic Microdata using Macro Data Sources},
  author={Acharya, Angeela and Sikdar, Siddhartha and Das, Sanmay and Rangwala, Huzefa},
  booktitle={Proceedings of the BigData 2022 conference},
  year={2022},
  pages={in press}
}

@inproceedings{gardner2019evaluating,
  title={Evaluating the fairness of predictive student models through slicing analysis},
  author={Gardner, Josh and Brooks, Christopher and Baker, Ryan},
  booktitle={Proceedings of the 9th international conference on learning analytics \& knowledge},
  pages={225--234},
  year={2019}
}

@inproceedings{weber2023cascaded,
  title={Cascaded Latent Diffusion Models for High-Resolution Chest X-ray Synthesis},
  author={Weber, Tobias and Ingrisch, Michael and Bischl, Bernd and R{\"u}gamer, David},
  booktitle={Pacific-Asia Conference on Knowledge Discovery and Data Mining},
  pages={180--191},
  year={2023},
  organization={Springer}
}

@inproceedings{ding2019,
  author    = {Xinyi Ding and
               Eric C. Larson},
  editor    = {Michel C. Desmarais and
               Collin F. Lynch and
               Agathe Merceron and
               Roger Nkambou},
  title     = {Why Deep Knowledge Tracing has less Depth than Anticipated},
  booktitle = {Proceedings of the 12th International Conference on Educational Data
               Mining, {EDM} 2019, Montr{\'{e}}al, Canada, July 2-5, 2019},
  publisher = {International Educational Data Mining Society {(IEDMS)}},
  year      = {2019},
  timestamp = {Fri, 05 Feb 2021 17:14:32 +0100},
  biburl    = {https://dblp.org/rec/conf/edm/DingL19.bib},
  bibsource = {dblp computer science bibliography, https://dblp.org}
}